@Article{moore,
  author	= "Scott E. Thompson and Srivatsan Parthasarathy",
  title 	= "{M}oore's {L}aw: {T}he {F}uture of {S}i {M}icroelectronics",
  journal 	= "Materials Today",
  year 		= 2006,
  volume 	= 9,
  number 	= 6,
  pages 	= {20-25}
}

@Book{qc-info,
  author 	= "Michael A. Nielsen and Isaac L. Chuang",
  title 	= "{Q}uantum {C}omputation and {Q}uantum {I}nformation",
  publisher = "Cambridge University Press",
  year 		= 2000
}

@Book{qc-sci,
  author 	= "Noson S. Yanofsky and Mirco A. Mannucci",
  title 	= "{Q}uantum {C}omputing for {C}omputer {S}cientists",
  publisher = "Cambridge University Press",
  year 		= 2008
}

@Article{universal-qc,
  author 	= "David Deutsch",
  title 	= "{Q}uantum {T}heory, the {C}hurch-{T}uring {P}rinciple and the {U}niversal {Q}uantum {C}omputer",
  journal 	= "Proceedings of the Royal Society of London, Series A",
  year 		= 1985,
  volume 	= 400,
  number 	= 1818,
  pages 	= {97-117}
}

@Article{qc-networks,
  author 	= "David Deutsch",
  title 	= "{Q}uantum {C}omputational {N}etworks",
  journal 	= "Proceedings of the Royal Society of London, Series A",
  year 		= 1989,
  volume 	= 425,
  number 	= 1868,
  pages 	= {73-90}
}

@Article{circuit-complexity,
  author 	= "Andrew Chi-Chih Yao",
  title 	= "{Q}uantum {C}ircuit {C}omplexity",
  journal 	= "Proceedings of 34th Annual IEEE Symposium on Foundations of Computer Science",
  year 		= 1993,
  pages 	= {352-361}
}

@Book{intro-qc,
  author 	= "C. T. Bhunia",
  title 	= "{I}ntroduction to {Q}uantum {C}omputing",
  publisher = "New Age International",
  year 		= 2010
}

@Article{qc,
  author 	= "David Deutsch",
  title 	= "{Q}uantum {C}omputation",
  journal 	= "Physics World",
  year 		= 1982
}

@misc{teleport,
   author 	= "IBM",
   title	= "{Q}uantum {T}eleportation",
   howpublished	= "\url{http://researcher.watson.ibm.com/researcher/view_group.php?id=2862}",
   year 	= 2014
}

@misc{liquid,
  author 	= {Dave Wecker and Krysta M.~Svore},
  title 	= {{LIQU}i$\ket{}$: {A} {S}oftware {D}esign {A}rchitecture and {D}omain-{S}pecific 
            {L}anguage for {Q}uantum {C}omputing},
  year 		= {2014},
  eprint 	= {1402.4467},
  url 		= {arXiv:1402.4467v1}
}

@Article{non-physicists,
  author 	= "Eleanor Rieffel and Wolfgang Polak",
  title 	= "{A}n {I}ntroduction to {Q}uantum {C}omputing for {N}on-{P}hysicists",
  journal 	= "CSUR ACM Comput. Surv. ACM Computing Surveys",
  year 		= 2000,
  volume 	= 32,
  number	= 3,
  pages 	= {300-335}
}

@misc{qc-cc,
   author 	= "Joost Slingerland",
   title	= "{Q}uantum vs {C}lassical {C}omputation",
   howpublished	= "\url{http://www.thphys.may.ie/staff/joost/TQM/QvC.html}",
   year 	= 2016
}

@Article{qc-concepts,
  author	= "Artur Ekert and Patrick Hayden and Hitoshi Inamori",
  title		= "{B}asic {C}oncepts in {Q}uantum {C}omputation",
  journal	= "Les Houches - Ecole d’Ete de Physique Theorique Coherent atomic matter waves",
  year		= 2008,
  pages		= {661-701}
}

@misc{qc-history,
   author	= "Simon Bone and Matias Castro",
   title	= "{A} {B}rief {H}istory of {Q}uantum {C}omputing",
   howpublished	= "\url{http://www.doc.ic.ac.uk/~nd/surprise_97/journal/vol4/spb3/}",
   year 	= 1997
}

@misc{qc-states,
   author 	= "Quantiki",
   title	= "{W}hat {I}s {Q}uantum {C}omputation?",
   howpublished	= "\url{https://quantiki.org/wiki/what-quantum-computation}",
   year 	= 2015
}

@techreport{umass,
    author	= "Emma Strubell",
    title	= "{A}n {I}ntroduction to {Q}uantum {A}lgorithms",
    institution	= "University of Massachusetts Amherst",
    year	= "2011",
    type	= {\bibnotype}
}

@techreport{entangle,
    author	= "Oscar Dahlsten",
    title	= "{A}n {I}ntroduction to {E}ntanglement {T}heory",
    institution	= "Imperial College London",
    year	= "2005",
    type	= {\bibnotype}
}

@techreport{florida,
    author	= "Robert Olsthoorn",
    title	= "{A}n {I}ntroduction to {Q}uantum {C}omputing",
    institution	= "University of Florida",
    year	= "2015",
    type	= {\bibnotype}
}

@techreport{non-qc,
    author	= "Christian Steinruecken",
    title	= "{Q}uantum {C}omputation on {N}on-{Q}uantum {C}omputers
",
    institution	= "King’s College",
    year	= "2004",
    type	= {\bibnotype}
}

@phdthesis{measure,
	author	= "Michael Joseph Gagen",
	title	= "{Q}uantum {M}easurement {T}heory and the {Q}uantum {Z}eno {E}ffect",
	school	= "University of Queensland",
	year	= "1993"
}

@Book{public-crypto,
  author 	= "Arto Salomaa",
  title 	= "{P}ublic-{K}ey {C}ryptography",
  publisher = "Springer",
  year 		= 1990
}

@misc{qc-security,
   author 	= "CQC",
   title 	= "{S}ecure {Q}uantum {C}ommunications",
   howpublished	= "\url{http://www.cqc2t.org/research/secure_quantum_communications}",
   year 	= 2016
}

@misc{qkd,
   author	= "CSA",
   title	= "{W}hat {I}s {Q}uantum {K}ey {D}istribution?",
   howpublished	= "\url{http://www.quintessencelabs.com/wp-content/uploads/2015/08/CSA_What-is-Quantum-Key-Distribution_QSS.pdf}",
   year 	= 2015
}

@techreport{mcgill,
    author	= "Fang Xi Lin",
    title	= "{S}hor’s {A}lgorithm and the {Q}uantum {F}ourier {T}ransform",
    institution	= "McGill University",
    year	= "2013",
    type	= {\bibnotype}
}

@manual{liquid-manual,
	title	= "{L}anguage-{I}ntegrated {Q}uantum {O}perations ({LIQU}i$\ket{}$) {S}imulator {U}ser's {M}anual",
	author	= "Dave Wecker",
	organization	= "Microsoft",
	year	= "2016"
}

@misc{liquid-overview,
   author	= "Microsoft",
   title	="{L}anguage-{I}ntegrated {Q}uantum {O}perations: {LIQU}i$\ket{}$",
   howpublished	= "\url{http://research.microsoft.com/en-US/projects/liquid/default.aspx}",
   year		= 2016
}

@misc{qam,
   author	= "Dan Ventura and Tony Martinez",
   title	= "{Q}uantum {A}ssociative {M}emory",
   howpublished	= "\url{arXiv:quant-ph/9807053v1}",
   year 	= 1998
}

@misc{circuit-tut,
   author	= "Q-circuit Tutorial",
   title	= "{Q}uantum {A}ssociative {M}emory",
   howpublished	= "\url{arXiv:quant-ph/0406003v2}",
   year 	= 2004
}

@Article{acm,
  author 	= "	Benoît Valiron and 	Neil J. Ross and Peter Selinger and D. Scott Alexander and 	Jonathan M. Smith",
  title 	= "{P}rogramming the {Q}uantum {F}uture",
  journal 	= "Communications of the ACM",
  year 		= 2015,
  volume 	= 58,
  number	= 8,
  pages 	= {52-61}
}

@Book{advanced-cs,
  author 	= "Jozef Gruska",
  title 	= "{Q}uantum {C}omputing ({A}dvanced {T}opics in {C}omputer {S}cience {S}eries)",
  publisher = "McGraw-Hill",
  year 		= 1999
}

@techreport{cwi,
    author	= "Ronald De Wolf",
    title	= "{Q}uantum {C}omputation and {S}hor's {F}actoring {A}lgorithm",
    institution	= "CWI and University of Amsterdam",
    year	= "1999",
    type	= {\bibnotype}
}

@techreport{shanghai,
    author	= "Zhengjun Cao and Lihua Liu",
    title	= "{C}omment on “{R}ealization of a {S}calable {S}hor {A}lgorithm”",
    institution	= "Shanghai University",
    year	= "2015",
    type	= {\bibnotype}
}

@techreport{washington,
    author	= "Dave Bacon",
    title	= "{T}he {Q}uantum {F}ourier {T}ransform and {J}ordan’s {A}lgorithm
",
    institution	= "University of Washington",
    year	= "2006",
    type	= {\bibnotype}
}

@inproceedings{qc-languages,
	author	= "Donald A. Sofge",
	title	= "{A} {S}urvey of {Q}uantum {P}rogramming {L}anguages: {H}istory, {M}ethods, and {T}ools",
	booktitle	= "{P}roceedings of the {S}econd {I}nternational {C}onference on {Q}uantum, {N}ano, and {M}icro {T}echnologies ({ICQNM} 2008)",
	pages	= {66-71},
	organization	= "IEEE Computer Society",
	year	= "2008"
}

@techreport{functional,
    author	= "Thorsten Altenkirch and Jonathan Grattage",
    title	= "{A} {F}unctional {Q}uantum {P}rogramming {L}anguage",
    institution	= "Nottingham University",
    year	= "2005",
    type	= {\bibnotype}
}
